
@article{Sulzer:2021,
  title = {{Python Battery Mathematical Modelling (PyBaMM)}},
  author = {Sulzer, Valentin and Marquis, Scott G. and Timms, Robert and
            Robinson, Martin and Chapman, S. Jon},
  doi = {10.5334/jors.309},
  journal = {Journal of Open Research Software},
  publisher = {Software Sustainability Institute},
  volume = {9},
  number = {1},
  pages = {14},
  year = {2021},
  url = {https://github.com/pybamm-team/PyBaMM},
}

@article{Clerx:2019,
  title={Probabilistic Inference on Noisy Time Series ({PINTS})},
  author={Clerx, Michael and Robinson, Martin and Lambert, Ben and Lei, Chon Lok and
          Ghosh, Sanmitra and Mirams, Gary R and Gavaghan, David J},
  journal={Journal of Open Research Software},
  volume={7},
  number={1},
  pages={23},
  year={2019},
  doi={10.5334/jors.252}
}

@ARTICLE{SciPy:2020,
  author  = {Virtanen, Pauli and Gommers, Ralf and Oliphant, Travis E. and
            Haberland, Matt and Reddy, Tyler and Cournapeau, David and
            Burovski, Evgeni and Peterson, Pearu and Weckesser, Warren and
            Bright, Jonathan and {van der Walt}, St{\'e}fan J. and
            Brett, Matthew and Wilson, Joshua and Millman, K. Jarrod and
            Mayorov, Nikolay and Nelson, Andrew R. J. and Jones, Eric and
            Kern, Robert and Larson, Eric and Carey, C J and
            Polat, {\.I}lhan and Feng, Yu and Moore, Eric W. and
            {VanderPlas}, Jake and Laxalde, Denis and Perktold, Josef and
            Cimrman, Robert and Henriksen, Ian and Quintero, E. A. and
            Harris, Charles R. and Archibald, Anne M. and
            Ribeiro, Ant{\^o}nio H. and Pedregosa, Fabian and
            {van Mulbregt}, Paul and {SciPy 1.0 Contributors}},
  title   = {{{SciPy} 1.0: Fundamental Algorithms for Scientific
            Computing in Python}},
  journal = {Nature Methods},
  year    = {2020},
  volume  = {17},
  pages   = {261--272},
  url     = {https://doi.org/10.1038/s41592-019-0686-2},
  adsurl  = {https://ui.adsabs.harvard.edu/abs/2020NatMe..17..261V},
  doi     = {10.1038/s41592-019-0686-2},
}

@misc{BPX:2023,
  title = {Battery Parameter eXchange},
  author = {Korotkin, Ivan and Timms, Robert and Foster, Jamie Foster and
            Dickinson, Edmund and Robinson, Martin},
  publisher = {The Faraday Institution},
  year = {2023},
  journal = {GitHub repository},
  url = {https://github.com/FaradayInstitution/BPX},
}

@article{Doyle:1993,
  author = {Doyle, Marc and Fuller, Thomas F. and Newman, John},
  doi = {10.1149/1.2221597},
  issn = {0013-4651},
  journal = {Journal of The Electrochemical Society},
  number = {6},
  pages = {1526--1533},
  title = {{Modeling of Galvanostatic Charge and Discharge of the Lithium/Polymer/Insertion Cell}},
  volume = {140},
  year = {1993}
}

@article{Fuller:1994,
  doi = {10.1149/1.2054684},
  url = {https://dx.doi.org/10.1149/1.2054684},
  year = {1994},
  month = {jan},
  publisher = {The Electrochemical Society, Inc.},
  volume = {141},
  number = {1},
  pages = {1},
  author = {Thomas F. Fuller and Marc Doyle and John Newman},
  title = {Simulation and Optimization of the Dual Lithium Ion Insertion Cell},
  journal = {Journal of The Electrochemical Society},
}

@article{Planella:2022,
  author = {Brosa Planella, Ferran and Ai, Weilong and Boyce, Adam M and Ghosh, Abir and Korotkin, Ivan and Sahu, Smita and Sulzer, Valentin and Timms, Robert and Tranter, Thomas G and Zyskin, Maxim and Cooper, Samuel J and Edge, Jacqueline S and Foster, Jamie M and Marinescu, Monica and Wu, Billy and Richardson, Giles},
  doi = {10.1088/2516-1083/ac7d31},
  issn = {2516-1083},
  journal = {Progress in Energy},
  month = {oct},
  number = {4},
  pages = {042003},
  title = {{A Continuum of Physics-Based Lithium-Ion Battery Models Reviewed}},
  url = {https://iopscience.iop.org/article/10.1088/2516-1083/ac7d31},
  volume = {4},
  year = {2022}
}

@article{Verbrugge:2017,
  doi = {10.1149/2.0341708jes},
  url = {https://dx.doi.org/10.1149/2.0341708jes},
  year = {2017},
  month = {may},
  publisher = {The Electrochemical Society},
  volume = {164},
  number = {11},
  pages = {E3243},
  author = {Mark Verbrugge and Daniel Baker and Brian Koch and Xingcheng Xiao and Wentian Gu},
  title = {Thermodynamic Model for Substitutional Materials: Application to Lithiated Graphite, Spinel Manganese Oxide, Iron Phosphate, and Layered Nickel-Manganese-Cobalt Oxide},
  journal = {Journal of The Electrochemical Society},
}

@article{Tranter2022,
  doi = {10.21105/joss.04051},
  url = {https://doi.org/10.21105/joss.04051},
  year = {2022},
  publisher = {The Open Journal},
  volume = {7},
  number = {70},
  pages = {4051},
  author = {Thomas G. Tranter and Robert Timms and Valentin Sulzer and
            Ferran Brosa Planella and Gavin M. Wiggins and Suryanarayana V. Karra and
            Priyanshu Agarwal and Saransh Chopra and Srikanth Allu and Paul R. Shearing
             and Dan J. l. Brett},
  title = {liionpack: A Python package for simulating packs of batteries with PyBaMM},
  journal = {Journal of Open Source Software}
}

@Article{Wang:2022,
  author   = {Wang, A. A. and O'Kane, S. E. J. and Brosa Planella, F. and Houx, J. Le and O'Regan, K. and Zyskin, M. and Edge, J. and Monroe, C. W. and Cooper, S. J. and Howey, D. A. and Kendrick, E. and Foster, J. M.},
  journal  = {Progress in Energy},
  title    = {Review of parameterisation and a novel database {(LiionDB)} for continuum {Li-ion} battery models},
  year     = {2022},
  issn     = {2516-1083},
  month    = {jul},
  number   = {3},
  pages    = {032004},
  volume   = {4},
  doi      = {10.1088/2516-1083/ac692c},
  url      = {https://iopscience.iop.org/article/10.1088/2516-1083/ac692c},
}

@Article{Andersson:2022,
  author    = {Andersson, Malin and Streb, Moritz and Ko, Jing Ying and {L{\"{o}}fqvist Klass}, Verena and Klett, Matilda and Ekstr{\"{o}}m, Henrik and Johansson, Mikael and Lindbergh, G{\"{o}}ran},
  journal   = {Journal of Power Sources},
  title     = {Parametrization of physics-based battery models from input-output data: {A} review of methodology and current research},
  year      = {2022},
  issn      = {03787753},
  month     = {feb},
  number    = {November 2021},
  pages     = {230859},
  volume    = {521},
  doi       = {10.1016/j.jpowsour.2021.230859},
  publisher = {Elsevier B.V.},
  url       = {https://doi.org/10.1016/j.jpowsour.2021.230859 https://linkinghub.elsevier.com/retrieve/pii/S0378775321013458},
}

@Article{Miguel:2021,
  author    = {Miguel, E. and Plett, Gregory L. and Trimboli, M. Scott and Oca, L. and Iraola, U. and Bekaert, E.},
  journal   = {Journal of Energy Storage},
  title     = {Review of computational parameter estimation methods for electrochemical models},
  year      = {2021},
  issn      = {2352152X},
  number    = {PB},
  pages     = {103388},
  volume    = {44},
  doi       = {10.1016/j.est.2021.103388},
  publisher = {Elsevier Ltd},
  url       = {https://doi.org/10.1016/j.est.2021.103388},
}

@Article{Chu:2019,
  author    = {Chu, Zhengyu and Plett, Gregory L. and Trimboli, M. Scott and Ouyang, Minggao},
  journal   = {Journal of Energy Storage},
  title     = {A control-oriented electrochemical model for lithium-ion battery, {P}art {I}: {L}umped-parameter reduced-order model with constant phase element},
  year      = {2019},
  issn      = {2352152X},
  number    = {August},
  pages     = {100828},
  volume    = {25},
  doi       = {10.1016/j.est.2019.100828},
  keywords  = {Double-layer capacitance,Lithium-ion cell model,Lumped parameter,Reduced-order model,Transfer function},
  publisher = {Elsevier},
  url       = {https://doi.org/10.1016/j.est.2019.100828},
}

@Article{Chen:2020,
  author    = {Chen, Chang-Hui and {Brosa Planella}, Ferran and O'Regan, Kieran and Gastol, Dominika and Widanage, W. Dhammika and Kendrick, Emma},
  journal   = {Journal of The Electrochemical Society},
  title     = {Development of experimental techniques for parameterization of multi-scale lithium-ion battery models},
  year      = {2020},
  issn      = {0013-4651},
  month     = {jan},
  number    = {8},
  pages     = {080534},
  volume    = {167},
  doi       = {10.1149/1945-7111/ab9050},
  publisher = {IOP Publishing},
  url       = {https://iopscience.iop.org/article/10.1149/1945-7111/ab9050},
}

@Article{Kirk:2022,
  author  = {Kirk, Toby L. and Lewis-Douglas, Adam and Howey, David and Please, Colin P. and {Jon Chapman}, S.},
  journal = {Journal of The Electrochemical Society},
  title   = {Nonlinear electrochemical impedance spectroscopy for lithium-ion battery model parameterization},
  year    = {2023},
  issn    = {0013-4651},
  month   = {jan},
  number  = {1},
  pages   = {010514},
  volume  = {170},
  doi     = {10.1149/1945-7111/acada7},
  url     = {https://iopscience.iop.org/article/10.1149/1945-7111/acada7},
}

@Article{Couto:2023,
  author    = {Couto, Luis D. and Charkhgard, Mohammad and Karaman, Berke and Job, Nathalie and Kinnaert, Michel},
  journal   = {Energy},
  title     = {Lithium-ion battery design optimization based on a dimensionless reduced-order electrochemical model},
  year      = {2023},
  issn      = {03605442},
  number    = {PE},
  pages     = {125966},
  volume    = {263},
  doi       = {10.1016/j.energy.2022.125966},
  publisher = {Elsevier Ltd},
  url       = {https://doi.org/10.1016/j.energy.2022.125966},
}

@article{numpyro:2019,
  title={Composable Effects for Flexible and Accelerated Probabilistic Programming in NumPyro},
  author={Phan, Du and Pradhan, Neeraj and Jankowiak, Martin},
  journal={arXiv preprint arXiv:1912.11554},
  year={2019}
}

@software{jax:2018,
  author = {James Bradbury and Roy Frostig and Peter Hawkins and Matthew James Johnson and Chris Leary and Dougal Maclaurin and George Necula and Adam Paszke and Jake Vander{P}las and Skye Wanderman-{M}ilne and Qiao Zhang},
  title = {{JAX}: composable transformations of {P}ython+{N}um{P}y programs},
  url = {http://github.com/jax-ml/jax},
  version = {0.3.13},
  year = {2018},
}

@misc{blackjax:2024,
      title={BlackJAX: Composable {B}ayesian inference in {JAX}},
      author={Alberto Cabezas and Adrien Corenflos and Junpeng Lao and Rémi Louf},
      year={2024},
      eprint={2402.10797},
      archivePrefix={arXiv},
      primaryClass={cs.MS}
}

@software{optax:2020,
  title = {The {D}eep{M}ind {JAX} {E}cosystem},
  author = {DeepMind and Babuschkin, Igor and Baumli, Kate and Bell, Alison and Bhupatiraju, Surya and Bruce, Jake and Buchlovsky, Peter and Budden, David and Cai, Trevor and Clark, Aidan and Danihelka, Ivo and Dedieu, Antoine and Fantacci, Claudio and Godwin, Jonathan and Jones, Chris and Hemsley, Ross and Hennigan, Tom and Hessel, Matteo and Hou, Shaobo and Kapturowski, Steven and Keck, Thomas and Kemaev, Iurii and King, Michael and Kunesch, Markus and Martens, Lena and Merzic, Hamza and Mikulik, Vladimir and Norman, Tamara and Papamakarios, George and Quan, John and Ring, Roman and Ruiz, Francisco and Sanchez, Alvaro and Sartran, Laurent and Schneider, Rosalia and Sezener, Eren and Spencer, Stephen and Srinivasan, Srivatsan and Stanojevi\'{c}, Milo\v{s} and Stokowiec, Wojciech and Wang, Luyu and Zhou, Guangyao and Viola, Fabio},
  url = {http://github.com/google-deepmind},
  year = {2020},
}

@misc{NUTS:2011,
      title={The No-U-Turn Sampler: Adaptively Setting Path Lengths in Hamiltonian Monte Carlo},
      author={Matthew D. Hoffman and Andrew Gelman},
      year={2011},
      eprint={1111.4246},
      archivePrefix={arXiv},
      primaryClass={stat.CO},
      url={https://arxiv.org/abs/1111.4246},
}

@book{Hamiltonian:2011,
   title={Handbook of Markov Chain Monte Carlo},
   ISBN={9780429138508},
   url={http://dx.doi.org/10.1201/b10905},
   DOI={10.1201/b10905},
   publisher={Chapman and Hall/CRC},
   author={Brooks, Steve and Gelman, Andrew and Jones, Galin and Meng, Xiao-Li},
   year={2011},
   month=may }

@article{Haario:2001,
	title = {An {Adaptive} {Metropolis} {Algorithm}},
	volume = {7},
	issn = {13507265},
	url = {https://www.jstor.org/stable/3318737?origin=crossref},
	doi = {10.2307/3318737},
	number = {2},
	urldate = {2024-11-22},
	journal = {Bernoulli},
	author = {Haario, Heikki and Saksman, Eero and Tamminen, Johanna},
	month = apr,
	year = {2001},
	pages = {223},
	file = {Submitted Version:/Users/engs2510/Zotero/storage/LHLUPGSX/Haario et al. - 2001 - An Adaptive Metropolis Algorithm.pdf:application/pdf},
}

@article{DiffEvolution:2006,
	title = {A {Markov} {Chain} {Monte} {Carlo} version of the genetic algorithm {Differential} {Evolution}: easy {Bayesian} computing for real parameter spaces},
	volume = {16},
	issn = {1573-1375},
	url = {https://doi.org/10.1007/s11222-006-8769-1},
	doi = {10.1007/s11222-006-8769-1},
	abstract = {Differential Evolution (DE) is a simple genetic algorithm for numerical optimization in real parameter spaces. In a statistical context one would not just want the optimum but also its uncertainty. The uncertainty distribution can be obtained by a Bayesian analysis (after specifying prior and likelihood) using Markov Chain Monte Carlo (MCMC) simulation. This paper integrates the essential ideas of DE and MCMC, resulting in Differential Evolution Markov Chain (DE-MC). DE-MC is a population MCMC algorithm, in which multiple chains are run in parallel. DE-MC solves an important problem in MCMC, namely that of choosing an appropriate scale and orientation for the jumping distribution. In DE-MC the jumps are simply a fixed multiple of the differences of two random parameter vectors that are currently in the population. The selection process of DE-MC works via the usual Metropolis ratio which defines the probability with which a proposal is accepted. In tests with known uncertainty distributions, the efficiency of DE-MC with respect to random walk Metropolis with optimal multivariate Normal jumps ranged from 68\% for small population sizes to 100\% for large population sizes and even to 500\% for the 97.5\% point of a variable from a 50-dimensional Student distribution. Two Bayesian examples illustrate the potential of DE-MC in practice. DE-MC is shown to facilitate multidimensional updates in a multi-chain “Metropolis-within-Gibbs” sampling approach. The advantage of DE-MC over conventional MCMC are simplicity, speed of calculation and convergence, even for nearly collinear parameters and multimodal densities.},
	number = {3},
	journal = {Statistics and Computing},
	author = {Braak, Cajo J. F. Ter},
	month = sep,
	year = {2006},
	pages = {239--249},
}

@article{metropolis:1953,
	title = {Equation of {State} {Calculations} by {Fast} {Computing} {Machines}},
	volume = {21},
	issn = {0021-9606, 1089-7690},
	url = {https://pubs.aip.org/jcp/article/21/6/1087/202680/Equation-of-State-Calculations-by-Fast-Computing},
	doi = {10.1063/1.1699114},
	abstract = {A general method, suitable for fast computing machines, for investigating such properties as equations of state for substances consisting of interacting individual molecules is described. The method consists of a modified Monte Carlo integration over configuration space. Results for the two-dimensional rigid-sphere system have been obtained on the Los Alamos MANIAC and are presented here. These results are compared to the free volume equation of state and to a four-term virial coefficient expansion.},
	language = {en},
	number = {6},
	urldate = {2024-11-22},
	journal = {The Journal of Chemical Physics},
	author = {Metropolis, Nicholas and Rosenbluth, Arianna W. and Rosenbluth, Marshall N. and Teller, Augusta H. and Teller, Edward},
	month = jun,
	year = {1953},
	pages = {1087--1092},
	file = {Submitted Version:/Users/engs2510/Zotero/storage/LKZVAGE4/Metropolis et al. - 1953 - Equation of State Calculations by Fast Computing M.pdf:application/pdf},
}

@software{pybamm-eis,
author = {Dhoot, Rishit and Timms, Robert and Please, Colin},
title = {PyBaMM EIS: Efficient Linear Algebra Methods to Determine Li-ion Battery Behaviour},
url = {https://www.github.com/pybamm-team/pybamm-eis},
version = {0.1.4}
}
